@techreport{,
file = {:C$\backslash$:/Users/Luca/AppData/Local/Mendeley Ltd./Mendeley Desktop/Downloaded/Unknown - Unknown - Surface Surface Surface Surface Reconstruction Reconstruction Part II Part II.pdf:pdf},
title = {{Surface Surface Surface Surface Reconstruction: Reconstruction: Part II Part II}},
url = {http://graphics.stanford.edu/courses/cs468-10-fall/LectureSlides/04{\_}Surface{\_}Reconstruction.pdf}
}
